<?xml version="1.0" encoding="UTF-8"?>
<record>
  <leader>01571nam#a2200469#cb4500</leader>
  <controlfield tag="005">20220401192000.0</controlfield>
  <controlfield tag="007">cr#|||||||||||</controlfield>
  <controlfield tag="008">220218|1977####xx######o#####|||#|#eng#c</controlfield>
  <controlfield tag="003">DE-605</controlfield>
  <controlfield tag="001">99371186211706441</controlfield>
  <datafield tag="020" ind1=" " ind2=" ">
    <subfield code="a">9783709176733</subfield>
    <subfield code="9">978-3-7091-7673-3</subfield>
  </datafield>
  <datafield tag="035" ind1=" " ind2=" ">
    <subfield code="a">(DE-605)HT021257515</subfield>
  </datafield>
  <datafield tag="040" ind1=" " ind2=" ">
    <subfield code="a">Springer</subfield>
    <subfield code="b">ger</subfield>
    <subfield code="c">Springer</subfield>
    <subfield code="e">rda</subfield>
    <subfield code="d">DE-605</subfield>
  </datafield>
  <datafield tag="041" ind1=" " ind2=" ">
    <subfield code="a">eng</subfield>
  </datafield>
  <datafield tag="082" ind1="0" ind2="4">
    <subfield code="a">530.12</subfield>
    <subfield code="2">23</subfield>
  </datafield>
  <datafield tag="089" ind1="0" ind2="4">
    <subfield code="a">530.12</subfield>
    <subfield code="e">23</subfield>
    <subfield code="A">4</subfield>
  </datafield>
  <datafield tag="245" ind1="0" ind2="0">
    <subfield code="a">The Schrödinger Equation</subfield>
    <subfield code="b">Proceedings of the International Symposium “50 Years Schrödinger Equation” in Vienna, 10th–12th June 1976</subfield>
    <subfield code="c">edited by Walter Thirring, Paul Urban</subfield>
  </datafield>
  <datafield tag="250" ind1=" " ind2=" ">
    <subfield code="a">1st ed. 1977</subfield>
  </datafield>
  <datafield tag="264" ind1=" " ind2="1">
    <subfield code="a">Vienna</subfield>
    <subfield code="b">Springer Vienna</subfield>
    <subfield code="b">Imprint: Springer</subfield>
    <subfield code="c">1977</subfield>
  </datafield>
  <datafield tag="300" ind1=" " ind2=" ">
    <subfield code="a">1 Online-Ressource (X, 224 p)</subfield>
  </datafield>
  <datafield tag="336" ind1=" " ind2=" ">
    <subfield code="b">txt</subfield>
  </datafield>
  <datafield tag="337" ind1=" " ind2=" ">
    <subfield code="b">c</subfield>
  </datafield>
  <datafield tag="338" ind1=" " ind2=" ">
    <subfield code="b">cr</subfield>
  </datafield>
  <datafield tag="347" ind1=" " ind2=" ">
    <subfield code="a">text file</subfield>
    <subfield code="b">PDF</subfield>
  </datafield>
  <datafield tag="490" ind1="1" ind2=" ">
    <subfield code="a">Few-Body Systems, Supplementa</subfield>
    <subfield code="v">17/1977</subfield>
  </datafield>
  <datafield tag="856" ind1="4" ind2=" ">
    <subfield code="u">https://doi.org/10.1007/978-3-7091-7673-3</subfield>
    <subfield code="x">Resolving-System</subfield>
  </datafield>
  <datafield tag="912" ind1=" " ind2=" ">
    <subfield code="a">ZDB-2-PHA</subfield>
  </datafield>
  <datafield tag="912" ind1=" " ind2=" ">
    <subfield code="a">ZDB-2-SXP</subfield>
  </datafield>
  <datafield tag="912" ind1=" " ind2=" ">
    <subfield code="a">ZDB-2-BAE</subfield>
  </datafield>
  <datafield tag="962" ind1=" " ind2=" ">
    <subfield code="e">ZDB-2-PHA</subfield>
    <subfield code="e">ZDB-2-SXP</subfield>
    <subfield code="e">ZDB-2-BAE</subfield>
    <subfield code="e">Lizenz1989</subfield>
  </datafield>
  <datafield tag="964" ind1="0" ind2="s">
    <subfield code="F">051</subfield>
    <subfield code="A">s|||||||</subfield>
  </datafield>
  <datafield tag="964" ind1="0" ind2="i">
    <subfield code="I">marc-FMT via MAB2MARC</subfield>
    <subfield code="F">FMT</subfield>
    <subfield code="A">BK</subfield>
  </datafield>
  <datafield tag="964" ind1="0" ind2="s">
    <subfield code="F">030</subfield>
    <subfield code="A">a|1ur||||||37</subfield>
  </datafield>
  <datafield tag="964" ind1="0" ind2="s">
    <subfield code="F">050</subfield>
    <subfield code="A">||||||||g|||||</subfield>
  </datafield>
  <datafield tag="035" ind1=" " ind2=" ">
    <subfield code="a">(hbzERes_Springer)978-3-7091-7673-3</subfield>
  </datafield>
  <datafield tag="035" ind1=" " ind2=" ">
    <subfield code="a">(DE-599)HBZHT021257515</subfield>
  </datafield>
  <datafield tag="024" ind1="7" ind2=" ">
    <subfield code="a">10.1007/978-3-7091-7673-3</subfield>
    <subfield code="2">doi</subfield>
  </datafield>
  <datafield tag="700" ind1="1" ind2=" ">
    <subfield code="a">Thirring, Walter</subfield>
    <subfield code="4">edt</subfield>
  </datafield>
  <datafield tag="700" ind1="1" ind2=" ">
    <subfield code="a">Urban, Paul</subfield>
    <subfield code="4">edt</subfield>
  </datafield>
  <datafield tag="776" ind1="0" ind2="8">
    <subfield code="i">Printed edition</subfield>
    <subfield code="z">9783709176757</subfield>
  </datafield>
  <datafield tag="776" ind1="0" ind2="8">
    <subfield code="i">Printed edition</subfield>
    <subfield code="z">9783211814376</subfield>
  </datafield>
  <datafield tag="776" ind1="0" ind2="8">
    <subfield code="i">Printed edition</subfield>
    <subfield code="z">9783709176740</subfield>
  </datafield>
  <datafield tag="650" ind1=" " ind2="0">
    <subfield code="a">Quantum physics</subfield>
  </datafield>
  <datafield tag="MBD" ind1=" " ind2=" ">
    <subfield code="M">49HBZ_NETWORK</subfield>
    <subfield code="i">99371186211706441</subfield>
    <subfield code="n">HBZ Network</subfield>
  </datafield>
  <datafield tag="MNG" ind1=" " ind2=" ">
    <subfield code="c">System</subfield>
    <subfield code="f">HBZ</subfield>
    <subfield code="i">marc21</subfield>
    <subfield code="h">20220401192000.0</subfield>
    <subfield code="l">94</subfield>
    <subfield code="k">01</subfield>
    <subfield code="e">false</subfield>
    <subfield code="d">2022-04-01 19:41:01 Europe/Berlin</subfield>
    <subfield code="g">HT021257515</subfield>
    <subfield code="j">60</subfield>
    <subfield code="a">System</subfield>
    <subfield code="b">2022-02-18 14:37:55 Europe/Berlin</subfield>
  </datafield>
  <datafield tag="POR" ind1=" " ind2=" ">
    <subfield code="j">Springer Link</subfield>
    <subfield code="x">System</subfield>
    <subfield code="a">53765251260006441</subfield>
    <subfield code="M">49HBZ_NETWORK</subfield>
    <subfield code="p">61762680180006441</subfield>
    <subfield code="q">Springer Physics &amp; Astronomy until 1989 (ZDB-2-PHA)</subfield>
    <subfield code="c">static</subfield>
    <subfield code="B">Produktsigel: ZDB-2-PHA&lt;br&gt;NZ Phase 1 - Wave 1: NZ-P2E&lt;br&gt;E-Book-Verfahren: springer?</subfield>
    <subfield code="A">49HBZ_UBD</subfield>
    <subfield code="A">49HBZ_DUE</subfield>
    <subfield code="A">49HBZ_WUP</subfield>
    <subfield code="y">2022-02-21 14:35:50 Europe/Berlin</subfield>
    <subfield code="w">2022-02-21 14:35:47 Europe/Berlin</subfield>
    <subfield code="D">https://eu04.alma.exlibrisgroup.com/view/uresolver/49HBZ_NETWORK/openurl?u.ignore_date_coverage=true&amp;portfolio_pid=53765251260006441&amp;Force_direct=true</subfield>
    <subfield code="v">System</subfield>
    <subfield code="z">2022-02-21 13:35:47</subfield>
    <subfield code="i">false</subfield>
    <subfield code="S">62762680170006441</subfield>
    <subfield code="d">https://hbz-network.userservices.exlibrisgroup.com/view/uresolver/49HBZ_NETWORK/openurl?u.ignore_date_coverage=true&amp;rft.mms_id=99371186211706441</subfield>
    <subfield code="b">Available</subfield>
    <subfield code="f">BOOK</subfield>
    <subfield code="e">https://doi.org/10.1007/978-3-7091-7673-3</subfield>
    <subfield code="8">53765251260006441</subfield>
  </datafield>
</record>
